@Comment Библиография

@article{wang2019developing,
    title={Developing a process in architecting microservice infrastructure with Docker, Kubernetes, and Istio},
    author={Wang, Yujing and Ma, Darrel},
    journal={arXiv preprint arXiv:1911.02275},
    year={2019}
}

@article{indrasiri2018microservices,
    title={Microservices for the enterprise},
    author={Indrasiri, Kasun and Siriwardena, Prabath},
    journal={Apress, Berkeley},
    year={2018},
    publisher={Springer}
}

@inproceedings{naik2016building,
    title={Building a virtual system of systems using docker swarm in multiple clouds},
    author={Naik, Nitin},
    booktitle={2016 IEEE International Symposium on Systems Engineering (ISSE)},
    pages={1--3},
    year={2016},
    organization={IEEE}
}

@inproceedings{демидова2019использование,
    title =     {Использование Docker для развёртывания вычислительного программного комплекса},
    author =    {Демидова, ТС and Соболев, АА},
    booktitle = {Информационно-телекоммуникационные технологии и математическое моделирование высокотехнологичных систем},
    pages =     {432--435},
    year =      {2019}
}

@article{dick2018dll,
    title={DLL hell: software dependencies, failure, and the maintenance of microsoft windows},
    author={Dick, Stephanie and Volmar, Daniel},
    journal={IEEE Annals of the History of Computing},
    volume={40},
    number={4},
    pages={28--51},
    year={2018},
    publisher={IEEE}
}

@inproceedings{al2019container,
    title =     {Container orchestration engines: a thorough functional and performance comparison},
    author =    {Al Jawarneh, Isam Mashhour and Bellavista, Paolo and Bosi, Filippo and Foschini, Luca and Martuscelli, Giuseppe and Montanari, Rebecca and Palopoli, Amedeo},
    booktitle = {ICC 2019-2019 IEEE International Conference on Communications (ICC)},
    pages =     {1--6},
    year =      {2019},
    organization =  {IEEE}
}

@misc{nust2020ten,
    title={Ten simple rules for writing Dockerfiles for reproducible data science},
    author={N{\"u}st, Daniel and Sochat, Vanessa and Marwick, Ben and Eglen, Stephen J and Head, Tim and Hirst, Tony and Evans, Benjamin D},
    year={2020},
    publisher={Public Library of Science San Francisco, CA USA}
}

@article{gruening2018recommendations,
    title={Recommendations for the packaging and containerizing of bioinformatics software},
    author={Gruening, Bjorn and Sallou, Olivier and Moreno, Pablo and da Veiga Leprevost, Felipe and M{\'e}nager, Herv{\'e} and S{\o}ndergaard, Dan and R{\"o}st, Hannes and Sachsenberg, Timo and O'connor, Brian and Madeira, F{\'a}bio and others},
    journal={F1000Research},
    volume={7},
    year={2018},
    publisher={Faculty of 1000 Ltd}
}

@Book{Pup09,
  author =      {Василий Пупкин and Эйнштейн, А.},
  title =       {\LaTeX для <<чайников>>},
  publisher =   {М.},
  pagetotal =   {299},
  year =        {2009},
  language =    "russian"
}

@online{wiki:vm,
  author =      {Wikipedia},
  title =       {Виртуальная машина "--- Википедия},
  year =        {2021},
  url =         {https://ru.wikipedia.org/w/index.php?title=%D0%92%D0%B8%D1%80%D1%82%D1%83%D0%B0%D0%BB%D1%8C%D0%BD%D0%B0%D1%8F_%D0%BC%D0%B0%D1%88%D0%B8%D0%BD%D0%B0&stable=1},
  urldate =     {07.05.2021},
  language =    "russian"
}

@online{wiki:hypervisor,
  author =      {Wikipedia},
  title =       {Гипервизор "--- Википедия},
  year =        {2021},
  url =         {https://ru.wikipedia.org/wiki/%D0%93%D0%B8%D0%BF%D0%B5%D1%80%D0%B2%D0%B8%D0%B7%D0%BE%D1%80},
  urldate =     {07.05.2021},
  language =    "russian"
}

@online{habr:flant:k8s-and-gitlab,
  author =      {Dmitry Stolyarov},
  title =       {Лучшие практики CI/CD с Kubernetes и GitLab (обзор и видео доклада) / Блог компании Флант / Хабр},
  year =        {2017},
  url =         {https://habr.com/ru/company/flant/blog/345116/},
  urldate =     {10.05.2021},
  language =    "russian"
}

@online{habr:flant:k8s-small-projects,
  author =      {Dmitry Stolyarov},
  title =       {Наш опыт с Kubernetes в небольших проектах (обзор и видео доклада) / Блог компании Флант / Хабр},
  year =        {2017},
  url =         {https://habr.com/ru/company/flant/blog/331188/},
  urldate =     {10.05.2021},
  language =    "russian"
}

@online{habr:ruvds:jenkins-vs-gitlab,
  author =      {Rahul Jain},
  title =       {Битва Jenkins и GitLab CI/CD / Блог компании RUVDS.com / Хабр},
  year =        {2020},
  url =         {https://habr.com/ru/company/ruvds/blog/522334/},
  urldate =     {10.05.2021},
  language =    "russian"
}

@online{docker:best-practicies,
  author =      {TIBOR VASS},
  title =       {Intro Guide to Dockerfile Best Practices - Docker Blog},
  year =        {2020},
  url =         {https://www.docker.com/blog/intro-guide-to-dockerfile-best-practices/},
  urldate =     {10.05.2021},
  language =    "russian"
}

@online{habr:flant:helm,
  author =      {Алексей Игрычев},
  title =       {Пакетный менеджер для Kubernetes — Helm: прошлое, настоящее, будущее / Блог компании Флант / Хабр},
  year =        {2018},
  url =         {https://habr.com/ru/company/flant/blog/417079/},
  urldate =     {10.05.2021},
  language =    "russian"
}

@online{ibm:containers1,
  author =      {Kim Clark, Callum Jackson},
  title =       {What are the benefits of containers? Part 1 – IBM Developer},
  year =        {2020},
  url =         {https://developer.ibm.com/components/kubernetes/articles/true-benefits-of-moving-to-containers-1/},
  urldate =     {10.05.2021},
  language =    "english"
}

@online{ibm:containers2,
  author =      {Kim Clark, Callum Jackson},
  title =       {What are the benefits of containers? Part 2 – IBM Developer},
  year =        {2020},
  url =         {https://developer.ibm.com/components/kubernetes/articles/true-benefits-of-moving-to-containers-2/},
  urldate =     {10.05.2021},
  language =    "english"
}

@online{habr:flant:cd-docker,
  author =      {Дмитрий Шурупов},
  title =       {Практики Continuous Delivery с Docker (обзор и видео) / Блог компании Флант / Хабр},
  year =        {2017},
  url =         {https://habr.com/ru/company/flant/blog/322686/},
  urldate =     {10.05.2021},
  language =    "russian"
}

@online{habr:flant:db-and-k8s,
  author =      {Dmitry Stolyarov},
  title =       {Базы данных и Kubernetes (обзор и видео доклада) / Блог компании Флант / Хабр},
  year =        {2018},
  url =         {https://habr.com/ru/company/flant/blog/431500/},
  urldate =     {10.05.2021},
  language =    "russian"
}

@online{habr:flant:k8s-mon,
  author =      {Dmitry Stolyarov},
  title =       {Мониторинг и Kubernetes (обзор и видео доклада) / Блог компании Флант / Хабр},
  year =        {2018},
  url =         {https://habr.com/ru/company/flant/blog/412901/},
  urldate =     {10.05.2021},
  language =    "russian"
}

@online{habr:flant:docker-stackoverflow,
  author =      {Алексей Игрычев},
  title =       {Проблема «умной» очистки образов контейнеров и её решение в werf / Блог компании Флант / Хабр},
  year =        {2020},
  url =         {https://habr.com/ru/company/flant/blog/522024/},
  urldate =     {10.05.2021},
  language =    "russian"
}

@online{habr:flant:k8s-helm-gitlab-sample,
  author =      {Даниил},
  title =       {Kubernetes (k8s) + Helm + GitLab CI/CD.},
  year =        {2018},
  url =         {https://habr.com/ru/post/422493/},
  urldate =     {10.05.2021},
  language =    "russian"
}

